<?xml version="1.0" encoding="UTF-8"?>
<!DOCTYPE html PUBLIC "-//W3C//DTD XHTML 1.0 Transitional//EN"
    "http://www.w3.org/TR/xhtml1/DTD/xhtml1-transitional.dtd">
<html xmlns="http://www.w3.org/1999/xhtml" xml:lang="en" lang="en">
 <head>
  <title>
</title>
<meta http-equiv="Content-Type" content="text/html;charset=utf-8" />
  <meta name='ocr-system' content='tesseract 3.04.00' />
  <meta name='ocr-capabilities' content='ocr_page ocr_carea ocr_par ocr_line ocrx_word'/>
</head>
<body>
  <div class='ocr_page' id='page_1' title='image "./pandoraetflorary00linn_0008.png"; bbox 0 0 2241 3801; ppageno 0'>
   <div class='ocr_carea' id='block_1_1' title="bbox 1091 6 1187 29">
    <p class='ocr_par' dir='ltr' id='par_1_1' title="bbox 1091 6 1187 29">
     <span class='ocr_line' id='line_1_1' title="bbox 1091 6 1187 29; baseline 0 -12"><span class='ocrx_word' id='word_1_1' title='bbox 1091 6 1134 28; x_wconf 49' lang='grc' dir='ltr'><strong>μ’</strong></span> <span class='ocrx_word' id='word_1_2' title='bbox 1161 9 1187 29; x_wconf 43' lang='lat'><strong>‘¹</strong></span> 
     </span>
    </p>
   </div>
   <div class='ocr_carea' id='block_1_2' title="bbox 375 75 1925 223">
    <p class='ocr_par' dir='ltr' id='par_1_2' title="bbox 375 75 1925 223">
     <span class='ocr_line' id='line_1_2' title="bbox 375 75 1925 223; baseline 0.001 -22"><span class='ocrx_word' id='word_1_3' title='bbox 375 143 456 223; x_wconf 75' lang='lat'><strong>75</strong></span> <span class='ocrx_word' id='word_1_4' title='bbox 562 138 971 201; x_wconf 79' lang='lat' dir='ltr'>PANDORA</span> <span class='ocrx_word' id='word_1_5' title='bbox 1021 75 1442 205; x_wconf 45' lang='lat' dir='ltr'><strong>es‘riJORA</strong></span> <span class='ocrx_word' id='word_1_6' title='bbox 1472 137 1925 203; x_wconf 55' lang='lat' dir='ltr'><strong>Rvssmivsm</strong></span> 
     </span>
    </p>
   </div>
   <div class='ocr_carea' id='block_1_3' title="bbox 374 287 2116 526">
    <p class='ocr_par' dir='ltr' id='par_1_3' title="bbox 374 287 2116 526">
     <span class='ocr_line' id='line_1_3' title="bbox 377 287 2116 366; baseline -0.002 -19"><span class='ocrx_word' id='word_1_7' title='bbox 377 289 498 348; x_wconf 78' lang='lat' dir='ltr'><strong>oris</strong></span> <span class='ocrx_word' id='word_1_8' title='bbox 529 287 803 347; x_wconf 79' lang='lat' dir='ltr'>facundia</span> <span class='ocrx_word' id='word_1_9' title='bbox 833 288 1147 347; x_wconf 70' lang='lat' dir='ltr'>inculcasse</span> <span class='ocrx_word' id='word_1_10' title='bbox 1168 332 1186 353; x_wconf 81' lang='lat'><strong>,</strong></span> <span class='ocrx_word' id='word_1_11' title='bbox 1240 287 1293 346; x_wconf 73' lang='grc' dir='ltr'><strong>δε</strong></span> <span class='ocrx_word' id='word_1_12' title='bbox 1331 289 1539 364; x_wconf 87' lang='lat' dir='ltr'><strong>quibus</strong></span> <span class='ocrx_word' id='word_1_13' title='bbox 1570 287 1686 346; x_wconf 88' lang='lat' dir='ltr'><strong>ruri</strong></span> <span class='ocrx_word' id='word_1_14' title='bbox 1716 287 1930 366; x_wconf 84' lang='lat' dir='ltr'><strong>degere</strong></span> <span class='ocrx_word' id='word_1_15' title='bbox 1969 301 2116 344; x_wconf 85' lang='lat' dir='ltr'><strong>con·-</strong></span> 
     </span>
     <span class='ocr_line' id='line_1_4' title="bbox 374 367 2115 445; baseline -0.002 -17"><span class='ocrx_word' id='word_1_16' title='bbox 374 381 640 445; x_wconf 82' lang='lat' dir='ltr'><strong>tingeret</strong></span> <span class='ocrx_word' id='word_1_17' title='bbox 683 367 941 442; x_wconf 77' lang='lat' dir='ltr'><strong>suasisse,</strong></span> <span class='ocrx_word' id='word_1_18' title='bbox 1014 382 1079 427; x_wconf 90' lang='lat' dir='ltr'><strong>ut</strong></span> <span class='ocrx_word' id='word_1_19' title='bbox 1124 371 1354 444; x_wconf 79' lang='lat' dir='ltr'><strong>plantas</strong></span> <span class='ocrx_word' id='word_1_20' title='bbox 1392 370 1471 427; x_wconf 87' lang='lat' dir='ltr'><strong>ibi</strong></span> <span class='ocrx_word' id='word_1_21' title='bbox 1526 367 1735 444; x_wconf 82' lang='lat' dir='ltr'><strong>sponte</strong></span> <span class='ocrx_word' id='word_1_22' title='bbox 1778 367 2115 428; x_wconf 82' lang='lat' dir='ltr'><strong>crescentes</strong></span> 
     </span>
     <span class='ocr_line' id='line_1_5' title="bbox 378 450 1947 526; baseline 0 -17"><span class='ocrx_word' id='word_1_23' title='bbox 378 460 779 522; x_wconf 80' lang='lat' dir='ltr'><strong>annotarent,</strong></span> <span class='ocrx_word' id='word_1_24' title='bbox 831 468 966 510; x_wconf 87' lang='lat' dir='ltr'><strong>cum</strong></span> <span class='ocrx_word' id='word_1_25' title='bbox 1009 450 1367 526; x_wconf 81' lang='lat' dir='ltr'><strong>publicoque</strong></span> <span class='ocrx_word' id='word_1_26' title='bbox 1411 451 1947 509; x_wconf 74' lang='lat' dir='ltr'><strong>communicarent.</strong></span> 
     </span>
    </p>
   </div>
   <div class='ocr_carea' id='block_1_4' title="bbox 377 595 2138 1804">
    <p class='ocr_par' dir='ltr' id='par_1_4' title="bbox 377 595 2138 1804">
     <span class='ocr_line' id='line_1_6' title="bbox 378 595 2125 671; baseline -0.001 -16"><span class='ocrx_word' id='word_1_27' title='bbox 378 635 393 646; x_wconf 80' lang='lat'><strong>·</strong></span> <span class='ocrx_word' id='word_1_28' title='bbox 498 595 764 669; x_wconf 82' lang='lat' dir='ltr'><strong>Cumque</strong></span> <span class='ocrx_word' id='word_1_29' title='bbox 803 595 945 656; x_wconf 81' lang='lat' dir='ltr'><strong>mihi</strong></span> <span class='ocrx_word' id='word_1_30' title='bbox 971 599 1089 671; x_wconf 78' lang='lat' dir='ltr'><strong>jain</strong></span> <span class='ocrx_word' id='word_1_31' title='bbox 1131 595 1272 655; x_wconf 81' lang='lat' dir='ltr'><strong>duas</strong></span> <span class='ocrx_word' id='word_1_32' title='bbox 1300 595 1527 654; x_wconf 81' lang='lat' dir='ltr'><strong>aestates</strong></span> <span class='ocrx_word' id='word_1_33' title='bbox 1575 595 1694 652; x_wconf 86' lang='lat' dir='ltr'><strong>ruri</strong></span> <span class='ocrx_word' id='word_1_34' title='bbox 1729 596 1946 670; x_wconf 87' lang='lat' dir='ltr'><strong>degere</strong></span> <span class='ocrx_word' id='word_1_35' title='bbox 1977 612 2125 654; x_wconf 89' lang='lat' dir='ltr'><strong>con-</strong></span> 
     </span>
     <span class='ocr_line' id='line_1_7' title="bbox 380 675 2126 757; baseline -0.002 -20"><span class='ocrx_word' id='word_1_36' title='bbox 380 679 585 757; x_wconf 84' lang='lat' dir='ltr'><strong>tigerit</strong></span> <span class='ocrx_word' id='word_1_37' title='bbox 635 677 693 735; x_wconf 92' lang='lat' dir='ltr'><strong>in</strong></span> <span class='ocrx_word' id='word_1_38' title='bbox 745 676 965 750; x_wconf 76' lang='lat' dir='ltr'><strong>praedio</strong></span> <span class='ocrx_word' id='word_1_39' title='bbox 1011 677 1273 749; x_wconf 74' lang='lat' dir='ltr'><strong>RVRY,</strong></span> <span class='ocrx_word' id='word_1_40' title='bbox 1354 676 1522 739; x_wconf 89' lang='lat' dir='ltr'><strong>Nob.</strong></span> <span class='ocrx_word' id='word_1_41' title='bbox 1584 676 1660 735; x_wconf 90' lang='lat' dir='ltr'><strong>D.</strong></span> <span class='ocrx_word' id='word_1_42' title='bbox 1715 675 2008 734; x_wconf 85' lang='lat' dir='ltr'><strong>Archiatri</strong></span> <span class='ocrx_word' id='word_1_43' title='bbox 2068 675 2126 733; x_wconf 73' lang='grc' dir='ltr'><strong>δε</strong></span> 
     </span>
     <span class='ocr_line' id='line_1_8' title="bbox 380 747 2125 835; baseline -0.002 -16"><span class='ocrx_word' id='word_1_44' title='bbox 380 758 638 835; x_wconf 87' lang='lat' dir='ltr'><strong>Collegii</strong></span> <span class='ocrx_word' id='word_1_45' title='bbox 700 758 927 816; x_wconf 79' lang='lat' dir='ltr'><strong>Medici</strong></span> <span class='ocrx_word' id='word_1_46' title='bbox 985 758 1291 826; x_wconf 76' lang='lat' dir='ltr'><strong>Praesidis,</strong></span> <span class='ocrx_word' id='word_1_47' title='bbox 1350 756 1798 816; x_wconf 78' lang='lat' dir='ltr'>ABRAHAMI</span> <span class='ocrx_word' id='word_1_48' title='bbox 1848 747 2125 828; x_wconf 81' lang='lat' dir='ltr'><strong>BAECK‚</strong></span> 
     </span>
     <span class='ocr_line' id='line_1_9' title="bbox 380 836 2129 912; baseline -0.005 -11"><span class='ocrx_word' id='word_1_49' title='bbox 380 843 442 901; x_wconf 90' lang='lat' dir='ltr'><strong>in</strong></span> <span class='ocrx_word' id='word_1_50' title='bbox 480 839 828 897; x_wconf 78' lang='lat' dir='ltr'><strong>Territorio</strong></span> <span class='ocrx_word' id='word_1_51' title='bbox 875 840 1106 897; x_wconf 72' lang='lat' dir='ltr'><strong>Sotholm</strong></span> <span class='ocrx_word' id='word_1_52' title='bbox 1151 839 1590 897; x_wconf 65' lang='lat' dir='ltr'><strong>Suzlermanniae</strong></span> <span class='ocrx_word' id='word_1_53' title='bbox 1634 852 1822 912; x_wconf 65' lang='lat' dir='ltr'><strong>atquo:</strong></span> <span class='ocrx_word' id='word_1_54' title='bbox 1867 836 2129 894; x_wconf 82' lang='lat' dir='ltr'><strong>Paroecia</strong></span> 
     </span>
     <span class='ocr_line' id='line_1_10' title="bbox 393 916 2125 999; baseline -0.004 -18"><span class='ocrx_word' id='word_1_55' title='bbox 393 923 800 999; x_wconf 64' lang='lat' dir='ltr'><strong>Vesterhaninge</strong></span> <span class='ocrx_word' id='word_1_56' title='bbox 847 936 1034 994; x_wconf 85' lang='lat' dir='ltr'><strong>prope</strong></span> <span class='ocrx_word' id='word_1_57' title='bbox 1067 922 1355 992; x_wconf 79' lang='lat' dir='ltr'><strong>templum</strong></span> <span class='ocrx_word' id='word_1_58' title='bbox 1394 920 1541 990; x_wconf 87' lang='lat' dir='ltr'><strong>s1t0,</strong></span> <span class='ocrx_word' id='word_1_59' title='bbox 1610 938 1640 976; x_wconf 79' lang='lat' dir='ltr'><strong>a</strong></span> <span class='ocrx_word' id='word_1_60' title='bbox 1678 919 1850 978; x_wconf 80' lang='lat' dir='ltr'><strong>maris</strong></span> <span class='ocrx_word' id='word_1_61' title='bbox 1887 916 2125 975; x_wconf 81' lang='lat' dir='ltr'><strong>sinubus</strong></span> 
     </span>
     <span class='ocr_line' id='line_1_11' title="bbox 382 996 2129 1072; baseline -0.005 -11"><span class='ocrx_word' id='word_1_62' title='bbox 382 1001 669 1072; x_wconf 78' lang='lat' dir='ltr'><strong>dimidio,</strong></span> <span class='ocrx_word' id='word_1_63' title='bbox 719 1001 788 1057; x_wconf 83' lang='lat' dir='ltr'><strong>ab</strong></span> <span class='ocrx_word' id='word_1_64' title='bbox 821 1000 964 1057; x_wconf 88' lang='lat' dir='ltr'><strong>urbe</strong></span> <span class='ocrx_word' id='word_1_65' title='bbox 997 1018 1146 1058; x_wconf 85' lang='lat' dir='ltr'><strong>vero</strong></span> <span class='ocrx_word' id='word_1_66' title='bbox 1189 999 1435 1058; x_wconf 87' lang='lat' dir='ltr'><strong>Holmia</strong></span> <span class='ocrx_word' id='word_1_67' title='bbox 1470 998 1726 1058; x_wconf 88' lang='lat' dir='ltr'><strong>secundo</strong></span> <span class='ocrx_word' id='word_1_68' title='bbox 1779 1017 1916 1057; x_wconf 86' lang='lat' dir='ltr'><strong>cum</strong></span> <span class='ocrx_word' id='word_1_69' title='bbox 1960 996 2129 1056; x_wconf 87' lang='lat' dir='ltr'><strong>dimi·</strong></span> 
     </span>
     <span class='ocr_line' id='line_1_12' title="bbox 386 1080 2125 1155; baseline -0.003 -13"><span class='ocrx_word' id='word_1_70' title='bbox 386 1084 488 1142; x_wconf 89' lang='lat' dir='ltr'><strong>dio</strong></span> <span class='ocrx_word' id='word_1_71' title='bbox 527 1080 757 1140; x_wconf 78' lang='lat' dir='ltr'><strong>milliari</strong></span> <span class='ocrx_word' id='word_1_72' title='bbox 792 1080 1065 1152; x_wconf 84' lang='lat' dir='ltr'><strong>distante,</strong></span> <span class='ocrx_word' id='word_1_73' title='bbox 1116 1080 1394 1140; x_wconf 86' lang='lat' dir='ltr'><strong>summam</strong></span> <span class='ocrx_word' id='word_1_74' title='bbox 1431 1081 1672 1155; x_wconf 79' lang='lat' dir='ltr'><strong>percepi</strong></span> <span class='ocrx_word' id='word_1_75' title='bbox 1706 1082 2125 1155; x_wconf 77' lang='lat' dir='ltr'><strong>voluptatem,</strong></span> 
     </span>
     <span class='ocr_line' id='line_1_13' title="bbox 380 1157 2131 1241; baseline -0.003 -19"><span class='ocrx_word' id='word_1_76' title='bbox 380 1167 614 1241; x_wconf 81' lang='lat' dir='ltr'><strong>plantas</strong></span> <span class='ocrx_word' id='word_1_77' title='bbox 663 1161 798 1220; x_wconf 89' lang='lat' dir='ltr'><strong>heic</strong></span> <span class='ocrx_word' id='word_1_78' title='bbox 843 1161 1229 1221; x_wconf 75' lang='lat' dir='ltr'><strong>circumcirca</strong></span> <span class='ocrx_word' id='word_1_79' title='bbox 1276 1162 1485 1238; x_wconf 85' lang='lat' dir='ltr'><strong>sponte</strong></span> <span class='ocrx_word' id='word_1_80' title='bbox 1548 1159 1898 1227; x_wconf 79' lang='lat' dir='ltr'><strong>nascentes,</strong></span> <span class='ocrx_word' id='word_1_81' title='bbox 1956 1170 2025 1217; x_wconf 90' lang='lat' dir='ltr'><strong>ut</strong></span> <span class='ocrx_word' id='word_1_82' title='bbox 2074 1157 2131 1216; x_wconf 87' lang='lat'>&amp;</span> 
     </span>
     <span class='ocr_line' id='line_1_14' title="bbox 379 1238 2128 1318; baseline -0.005 -12"><span class='ocrx_word' id='word_1_83' title='bbox 379 1248 590 1306; x_wconf 85' lang='lat' dir='ltr'><strong>harum</strong></span> <span class='ocrx_word' id='word_1_84' title='bbox 621 1242 886 1313; x_wconf 81' lang='lat' dir='ltr'><strong>incolaS,</strong></span> <span class='ocrx_word' id='word_1_85' title='bbox 931 1239 1139 1301; x_wconf 66' lang='lat' dir='ltr'><strong>insefta</strong></span> <span class='ocrx_word' id='word_1_86' title='bbox 1180 1246 1430 1318; x_wconf 89' lang='lat' dir='ltr'><strong>loquor,</strong></span> <span class='ocrx_word' id='word_1_87' title='bbox 1472 1254 1781 1302; x_wconf 87' lang='lat' dir='ltr'><strong>annotare.</strong></span> <span class='ocrx_word' id='word_1_88' title='bbox 1870 1238 1938 1300; x_wconf 92' lang='lat' dir='ltr'><strong>In</strong></span> <span class='ocrx_word' id='word_1_89' title='bbox 1977 1240 2128 1311; x_wconf 78' lang='lat' dir='ltr'><strong>haeC‚</strong></span> 
     </span>
     <span class='ocr_line' id='line_1_15' title="bbox 379 1321 2134 1404; baseline -0.005 -19"><span class='ocrx_word' id='word_1_90' title='bbox 379 1345 498 1404; x_wconf 86' lang='lat' dir='ltr'><strong>prae</strong></span> <span class='ocrx_word' id='word_1_91' title='bbox 538 1323 769 1383; x_wconf 80' lang='lat' dir='ltr'><strong>caeteris</strong></span> <span class='ocrx_word' id='word_1_92' title='bbox 818 1323 1206 1398; x_wconf 78' lang='lat' dir='ltr'><strong>animalibus,</strong></span> <span class='ocrx_word' id='word_1_93' title='bbox 1243 1324 1589 1400; x_wconf 86' lang='lat' dir='ltr'><strong>inquirenda</strong></span> <span class='ocrx_word' id='word_1_94' title='bbox 1624 1324 1678 1380; x_wconf 83' lang='lat'>&amp;</span> <span class='ocrx_word' id='word_1_95' title='bbox 1716 1321 2134 1400; x_wconf 83' lang='lat' dir='ltr'><strong>cognoscenda</strong></span> 
     </span>
     <span class='ocr_line' id='line_1_16' title="bbox 379 1401 2132 1481; baseline -0.006 -14"><span class='ocrx_word' id='word_1_96' title='bbox 379 1424 577 1468; x_wconf 86' lang='lat' dir='ltr'><strong>meam</strong></span> <span class='ocrx_word' id='word_1_97' title='bbox 615 1406 1083 1481; x_wconf 81' lang='lat' dir='ltr'><strong>qualemcunque</strong></span> <span class='ocrx_word' id='word_1_98' title='bbox 1115 1406 1380 1479; x_wconf 76' lang='lat' dir='ltr'><strong>inprimis</strong></span> <span class='ocrx_word' id='word_1_99' title='bbox 1427 1405 1659 1464; x_wconf 88' lang='lat' dir='ltr'><strong>contuli</strong></span> <span class='ocrx_word' id='word_1_100' title='bbox 1704 1421 1989 1479; x_wconf 85' lang='lat' dir='ltr'><strong>operam,</strong></span> <span class='ocrx_word' id='word_1_101' title='bbox 2042 1401 2132 1460; x_wconf 90' lang='lat' dir='ltr'><strong>his</strong></span> 
     </span>
     <span class='ocr_line' id='line_1_17' title="bbox 381 1482 2134 1565; baseline -0.005 -18"><span class='ocrx_word' id='word_1_102' title='bbox 381 1487 679 1565; x_wconf 77' lang='lat' dir='ltr'><strong>praec&#39;ipue</strong></span> <span class='ocrx_word' id='word_1_103' title='bbox 722 1484 924 1545; x_wconf 72' lang='grc' dir='ltr'><strong>ἀυᾶυε</strong></span> <span class='ocrx_word' id='word_1_104' title='bbox 975 1487 1342 1548; x_wconf 86' lang='lat' dir='ltr'><strong>rationibus:</strong></span> <span class='ocrx_word' id='word_1_105' title='bbox 1429 1504 1527 1548; x_wconf 85' lang='lat'><strong>1:0</strong></span> <span class='ocrx_word' id='word_1_106' title='bbox 1576 1484 1945 1544; x_wconf 85' lang='lat' dir='ltr'><strong>Admiranda</strong></span> <span class='ocrx_word' id='word_1_107' title='bbox 1982 1482 2134 1558; x_wconf 87' lang='lat' dir='ltr'><strong>ipso-</strong></span> 
     </span>
     <span class='ocr_line' id='line_1_18' title="bbox 381 1564 2136 1640; baseline -0.003 -12"><span class='ocrx_word' id='word_1_108' title='bbox 381 1588 512 1630; x_wconf 88' lang='lat' dir='ltr'><strong>rum</strong></span> <span class='ocrx_word' id='word_1_109' title='bbox 542 1566 856 1638; x_wconf 66' lang='lat' dir='ltr'><strong>struEtura,</strong></span> <span class='ocrx_word' id='word_1_110' title='bbox 898 1567 1135 1640; x_wconf 82' lang='lat' dir='ltr'><strong>forma,</strong></span> <span class='ocrx_word' id='word_1_111' title='bbox 1179 1568 1494 1628; x_wconf 80' lang='lat' dir='ltr'><strong>venustate</strong></span> <span class='ocrx_word' id='word_1_112' title='bbox 1544 1567 1599 1624; x_wconf 82' lang='lat'>&amp;</span> <span class='ocrx_word' id='word_1_113' title='bbox 1656 1564 1996 1625; x_wconf 87' lang='lat' dir='ltr'><strong>oeconomia</strong></span> <span class='ocrx_word' id='word_1_114' title='bbox 2027 1564 2136 1622; x_wconf 85' lang='lat' dir='ltr'><strong>sin-</strong></span> 
     </span>
     <span class='ocr_line' id='line_1_19' title="bbox 377 1644 2137 1729; baseline -0.006 -19"><span class='ocrx_word' id='word_1_115' title='bbox 377 1650 591 1729; x_wconf 84' lang='lat' dir='ltr'><strong>gulari.</strong></span> <span class='ocrx_word' id='word_1_116' title='bbox 681 1665 780 1708; x_wconf 78' lang='lat'><strong>220</strong></span> <span class='ocrx_word' id='word_1_117' title='bbox 815 1648 1099 1707; x_wconf 85' lang='lat' dir='ltr'><strong>Utilitate</strong></span> <span class='ocrx_word' id='word_1_118' title='bbox 1138 1650 1192 1707; x_wconf 84' lang='lat'>&amp;</span> <span class='ocrx_word' id='word_1_119' title='bbox 1227 1669 1422 1722; x_wconf 81' lang='lat' dir='ltr'><strong>noxa,</strong></span> <span class='ocrx_word' id='word_1_120' title='bbox 1469 1666 1595 1723; x_wconf 71' lang='lat' dir='ltr'><strong>quae</strong></span> <span class='ocrx_word' id='word_1_121' title='bbox 1644 1666 1717 1704; x_wconf 71' lang='lat' dir='ltr'><strong>ex</strong></span> <span class='ocrx_word' id='word_1_122' title='bbox 1757 1647 1843 1705; x_wconf 74' lang='lat' dir='ltr'><strong>liis</strong></span> <span class='ocrx_word' id='word_1_123' title='bbox 1878 1644 2137 1704; x_wconf 83' lang='lat' dir='ltr'><strong>homini-</strong></span> 
     </span>
     <span class='ocr_line' id='line_1_20' title="bbox 380 1727 2138 1804; baseline -0.005 -12"><span class='ocrx_word' id='word_1_124' title='bbox 380 1729 494 1792; x_wconf 89' lang='lat' dir='ltr'><strong>bus</strong></span> <span class='ocrx_word' id='word_1_125' title='bbox 534 1730 779 1801; x_wconf 85' lang='lat' dir='ltr'><strong>adfluit,</strong></span> <span class='ocrx_word' id='word_1_126' title='bbox 837 1728 893 1786; x_wconf 88' lang='lat'>&amp;</span> <span class='ocrx_word' id='word_1_127' title='bbox 928 1748 1028 1804; x_wconf 76' lang='lat'><strong>320</strong></span> <span class='ocrx_word' id='word_1_128' title='bbox 1064 1727 1152 1788; x_wconf 78' lang='lat' dir='ltr'><strong>Ut</strong></span> <span class='ocrx_word' id='word_1_129' title='bbox 1184 1731 1256 1789; x_wconf 89' lang='lat' dir='ltr'><strong>de</strong></span> <span class='ocrx_word' id='word_1_130' title='bbox 1293 1731 1381 1791; x_wconf 86' lang='lat' dir='ltr'><strong>his</strong></span> <span class='ocrx_word' id='word_1_131' title='bbox 1415 1730 1566 1790; x_wconf 90' lang='lat' dir='ltr'><strong>male</strong></span> <span class='ocrx_word' id='word_1_132' title='bbox 1596 1727 1925 1786; x_wconf 84' lang='lat' dir='ltr'><strong>sentientes</strong></span> <span class='ocrx_word' id='word_1_133' title='bbox 1951 1770 1969 1800; x_wconf 90' lang='lat'><strong>,</strong></span> <span class='ocrx_word' id='word_1_134' title='bbox 2016 1742 2138 1785; x_wconf 92' lang='lat' dir='ltr'><strong>me-</strong></span> 
     </span>
    </p>
   </div>
   <div class='ocr_carea' id='block_1_5' title="bbox 382 1807 2138 1953">
    <p class='ocr_par' dir='ltr' id='par_1_5' title="bbox 382 1807 2138 1953">
     <span class='ocr_line' id='line_1_21' title="bbox 382 1807 2138 1892; baseline -0.005 -21"><span class='ocrx_word' id='word_1_135' title='bbox 382 1813 538 1872; x_wconf 86' lang='lat' dir='ltr'><strong>liora</strong></span> <span class='ocrx_word' id='word_1_136' title='bbox 588 1811 813 1868; x_wconf 86' lang='lat' dir='ltr'><strong>docere</strong></span> <span class='ocrx_word' id='word_1_137' title='bbox 856 1809 911 1867; x_wconf 86' lang='lat'>&amp;</span> <span class='ocrx_word' id='word_1_138' title='bbox 957 1810 1028 1869; x_wconf 85' lang='lat' dir='ltr'><strong>ad</strong></span> <span class='ocrx_word' id='word_1_139' title='bbox 1079 1812 1301 1873; x_wconf 84' lang='lat' dir='ltr'><strong>bonam</strong></span> <span class='ocrx_word' id='word_1_140' title='bbox 1342 1814 1576 1892; x_wconf 85' lang='lat' dir='ltr'><strong>frugem</strong></span> <span class='ocrx_word' id='word_1_141' title='bbox 1623 1809 1877 1882; x_wconf 86' lang='lat' dir='ltr'><strong>ducere,</strong></span> <span class='ocrx_word' id='word_1_142' title='bbox 1926 1807 2138 1868; x_wconf 87' lang='lat' dir='ltr'><strong>melius</strong></span> 
     </span>
     <span class='ocr_line' id='line_1_22' title="bbox 385 1894 1317 1953; baseline -0.012 0"><span class='ocrx_word' id='word_1_143' title='bbox 385 1894 678 1953; x_wconf 74' lang='lat' dir='ltr'><strong>valerem,</strong></span> <span class='ocrx_word' id='word_1_144' title='bbox 1314 1906 1317 1908; x_wconf 90' lang='lat'>·</span> 
     </span>
    </p>
   </div>
   <div class='ocr_carea' id='block_1_6' title="bbox 385 2028 2158 3241">
    <p class='ocr_par' dir='ltr' id='par_1_6' title="bbox 385 2028 2158 3241">
     <span class='ocr_line' id='line_1_23' title="bbox 437 2028 2142 2109; baseline -0.002 -18"><span class='ocrx_word' id='word_1_145' title='bbox 437 2030 440 2032; x_wconf 74' lang='grc'><strong>’</strong></span> <span class='ocrx_word' id='word_1_146' title='bbox 506 2032 588 2092; x_wconf 87' lang='lat' dir='ltr'><strong>Et</strong></span> <span class='ocrx_word' id='word_1_147' title='bbox 634 2041 926 2109; x_wconf 84' lang='lat' dir='ltr'><strong>praeterea</strong></span> <span class='ocrx_word' id='word_1_148' title='bbox 972 2028 1196 2090; x_wconf 71' lang='lat' dir='ltr'><strong>Inseua</strong></span> <span class='ocrx_word' id='word_1_149' title='bbox 1247 2030 1303 2089; x_wconf 70' lang='grc' dir='ltr'><strong>δι</strong></span> <span class='ocrx_word' id='word_1_150' title='bbox 1352 2030 1574 2090; x_wconf 83' lang='lat' dir='ltr'><strong>Plantae</strong></span> <span class='ocrx_word' id='word_1_151' title='bbox 1616 2040 1737 2089; x_wconf 87' lang='lat' dir='ltr'><strong>tam</strong></span> <span class='ocrx_word' id='word_1_152' title='bbox 1779 2029 1939 2089; x_wconf 62' lang='lat' dir='ltr'><strong>arelo</strong></span> <span class='ocrx_word' id='word_1_153' title='bbox 1982 2029 2142 2089; x_wconf 90' lang='lat' dir='ltr'><strong>inter</strong></span> 
     </span>
     <span class='ocr_line' id='line_1_24' title="bbox 385 2110 2143 2187; baseline -0.003 -13"><span class='ocrx_word' id='word_1_154' title='bbox 385 2113 444 2175; x_wconf 88' lang='lat' dir='ltr'><strong>se</strong></span> <span class='ocrx_word' id='word_1_155' title='bbox 484 2114 924 2173; x_wconf 63' lang='lat' dir='ltr'><strong>connefftuntur</strong></span> <span class='ocrx_word' id='word_1_156' title='bbox 967 2112 1254 2183; x_wconf 77' lang='lat' dir='ltr'><strong>vinculO,</strong></span> <span class='ocrx_word' id='word_1_157' title='bbox 1313 2123 1384 2171; x_wconf 89' lang='lat' dir='ltr'><strong>ut</strong></span> <span class='ocrx_word' id='word_1_158' title='bbox 1427 2130 1563 2170; x_wconf 87' lang='lat' dir='ltr'><strong>curn</strong></span> <span class='ocrx_word' id='word_1_159' title='bbox 1610 2112 1874 2170; x_wconf 86' lang='lat' dir='ltr'><strong>utilitate</strong></span> <span class='ocrx_word' id='word_1_160' title='bbox 1921 2110 2143 2187; x_wconf 82' lang='lat' dir='ltr'><strong>separa·</strong></span> 
     </span>
     <span class='ocr_line' id='line_1_25' title="bbox 385 2193 2143 2270; baseline -0.002 -16"><span class='ocrx_word' id='word_1_161' title='bbox 385 2198 495 2256; x_wconf 85' lang='lat' dir='ltr'><strong>tim</strong></span> <span class='ocrx_word' id='word_1_162' title='bbox 529 2195 762 2254; x_wconf 55' lang='lat' dir='ltr'><strong>trattati</strong></span> <span class='ocrx_word' id='word_1_163' title='bbox 793 2194 1040 2253; x_wconf 89' lang='lat' dir='ltr'><strong>minime</strong></span> <span class='ocrx_word' id='word_1_164' title='bbox 1072 2206 1325 2269; x_wconf 82' lang='lat' dir='ltr'><strong>queant3</strong></span> <span class='ocrx_word' id='word_1_165' title='bbox 1393 2193 1602 2251; x_wconf 63' lang='lat' dir='ltr'><strong>insefta</strong></span> <span class='ocrx_word' id='word_1_166' title='bbox 1658 2193 1817 2251; x_wconf 89' lang='lat' dir='ltr'><strong>enim</strong></span> <span class='ocrx_word' id='word_1_167' title='bbox 1870 2211 2143 2270; x_wconf 87' lang='lat' dir='ltr'><strong>magnam</strong></span> 
     </span>
     <span class='ocr_line' id='line_1_26' title="bbox 388 2272 2147 2351; baseline -0.002 -16"><span class='ocrx_word' id='word_1_168' title='bbox 388 2277 461 2336; x_wconf 83' lang='lat' dir='ltr'><strong>ad</strong></span> <span class='ocrx_word' id='word_1_169' title='bbox 513 2287 743 2351; x_wconf 83' lang='lat' dir='ltr'><strong>partem</strong></span> <span class='ocrx_word' id='word_1_170' title='bbox 807 2293 880 2333; x_wconf 84' lang='lat' dir='ltr'><strong>ex</strong></span> <span class='ocrx_word' id='word_1_171' title='bbox 939 2274 1157 2351; x_wconf 86' lang='lat' dir='ltr'><strong>plantis</strong></span> <span class='ocrx_word' id='word_1_172' title='bbox 1220 2275 1611 2342; x_wconf 85' lang='lat' dir='ltr'><strong>nutriuntur,</strong></span> <span class='ocrx_word' id='word_1_173' title='bbox 1688 2273 1744 2331; x_wconf 85' lang='lat'>&amp;</span> <span class='ocrx_word' id='word_1_174' title='bbox 1801 2275 2016 2348; x_wconf 84' lang='lat' dir='ltr'><strong>plantae</strong></span> <span class='ocrx_word' id='word_1_175' title='bbox 2073 2272 2147 2332; x_wconf 88' lang='lat' dir='ltr'><strong>ad</strong></span> 
     </span>
     <span class='ocr_line' id='line_1_27' title="bbox 388 2354 2144 2432; baseline -0.002 -16"><span class='ocrx_word' id='word_1_176' title='bbox 388 2370 624 2417; x_wconf 85' lang='lat' dir='ltr'><strong>certum</strong></span> <span class='ocrx_word' id='word_1_177' title='bbox 676 2373 993 2416; x_wconf 87' lang='lat' dir='ltr'><strong>numerum</strong></span> <span class='ocrx_word' id='word_1_178' title='bbox 1050 2374 1124 2415; x_wconf 75' lang='lat' dir='ltr'><strong>ex</strong></span> <span class='ocrx_word' id='word_1_179' title='bbox 1194 2355 1423 2414; x_wconf 63' lang='lat' dir='ltr'><strong>insectis</strong></span> <span class='ocrx_word' id='word_1_180' title='bbox 1489 2354 1692 2430; x_wconf 79' lang='lat' dir='ltr'><strong>saepius</strong></span> <span class='ocrx_word' id='word_1_181' title='bbox 1756 2355 2144 2432; x_wconf 82' lang='lat' dir='ltr'><strong>rediguntur,</strong></span> 
     </span>
     <span class='ocr_line' id='line_1_28' title="bbox 388 2434 2148 2511; baseline -0.002 -13"><span class='ocrx_word' id='word_1_182' title='bbox 388 2434 540 2499; x_wconf 77' lang='lat' dir='ltr'><strong>adeo</strong></span> <span class='ocrx_word' id='word_1_183' title='bbox 590 2450 658 2498; x_wconf 88' lang='lat' dir='ltr'><strong>ut</strong></span> <span class='ocrx_word' id='word_1_184' title='bbox 711 2437 1040 2496; x_wconf 86' lang='lat' dir='ltr'><strong>utilitatem</strong></span> <span class='ocrx_word' id='word_1_185' title='bbox 1095 2455 1168 2494; x_wconf 73' lang='lat' dir='ltr'><strong>ex</strong></span> <span class='ocrx_word' id='word_1_186' title='bbox 1214 2438 1431 2511; x_wconf 88' lang='lat' dir='ltr'><strong>plantis</strong></span> <span class='ocrx_word' id='word_1_187' title='bbox 1481 2449 1826 2511; x_wconf 75' lang='lat' dir='ltr'><strong>capturum,</strong></span> <span class='ocrx_word' id='word_1_188' title='bbox 1902 2437 2148 2495; x_wconf 88' lang='lat' dir='ltr'><strong>modum</strong></span> 
     </span>
     <span class='ocr_line' id='line_1_29' title="bbox 391 2517 2149 2594; baseline -0.003 -14"><span class='ocrx_word' id='word_1_189' title='bbox 391 2538 490 2581; x_wconf 79' lang='lat' dir='ltr'><strong>eas</strong></span> <span class='ocrx_word' id='word_1_190' title='bbox 529 2521 599 2578; x_wconf 83' lang='lat' dir='ltr'><strong>ab</strong></span> <span class='ocrx_word' id='word_1_191' title='bbox 647 2518 875 2579; x_wconf 65' lang='lat' dir='ltr'><strong>inseetis</strong></span> <span class='ocrx_word' id='word_1_192' title='bbox 913 2518 1169 2594; x_wconf 87' lang='lat' dir='ltr'><strong>propriis</strong></span> <span class='ocrx_word' id='word_1_193' title='bbox 1201 2517 1558 2576; x_wconf 88' lang='lat' dir='ltr'><strong>defendendi</strong></span> <span class='ocrx_word' id='word_1_194' title='bbox 1589 2517 1755 2576; x_wconf 76' lang='lat' dir='ltr'><strong>nosse</strong></span> <span class='ocrx_word' id='word_1_195' title='bbox 1791 2519 1934 2593; x_wconf 84' lang='lat' dir='ltr'><strong>saepe</strong></span> <span class='ocrx_word' id='word_1_196' title='bbox 1969 2535 2149 2594; x_wconf 87' lang='lat' dir='ltr'><strong>opor-</strong></span> 
     </span>
     <span class='ocr_line' id='line_1_30' title="bbox 389 2598 2155 2675; baseline -0.002 -16"><span class='ocrx_word' id='word_1_197' title='bbox 389 2613 563 2675; x_wconf 82' lang='lat' dir='ltr'><strong>teat,</strong></span> <span class='ocrx_word' id='word_1_198' title='bbox 617 2601 672 2658; x_wconf 79' lang='lat'>&amp;</span> <span class='ocrx_word' id='word_1_199' title='bbox 701 2602 826 2668; x_wconf 83' lang='lat' dir='ltr'><strong>haec</strong></span> <span class='ocrx_word' id='word_1_200' title='bbox 853 2600 1086 2658; x_wconf 86' lang='lat' dir='ltr'><strong>nutrire</strong></span> <span class='ocrx_word' id='word_1_201' title='bbox 1137 2599 1232 2674; x_wconf 88' lang='lat' dir='ltr'><strong>qui</strong></span> <span class='ocrx_word' id='word_1_202' title='bbox 1278 2598 1579 2668; x_wconf 88' lang='lat' dir='ltr'><strong>voluerit,</strong></span> <span class='ocrx_word' id='word_1_203' title='bbox 1636 2617 1708 2656; x_wconf 78' lang='lat' dir='ltr'><strong>ex</strong></span> <span class='ocrx_word' id='word_1_204' title='bbox 1754 2598 1971 2672; x_wconf 80' lang='lat' dir='ltr'><strong>plantis</strong></span> <span class='ocrx_word' id='word_1_205' title='bbox 2010 2616 2155 2672; x_wconf 86' lang='lat' dir='ltr'><strong>pro-</strong></span> 
     </span>
     <span class='ocr_line' id='line_1_31' title="bbox 391 2679 2145 2759; baseline -0.001 -19"><span class='ocrx_word' id='word_1_206' title='bbox 391 2683 537 2759; x_wconf 81' lang='lat' dir='ltr'><strong>priis</strong></span> <span class='ocrx_word' id='word_1_207' title='bbox 580 2683 1015 2741; x_wconf 84' lang='lat' dir='ltr'><strong>nutrimentum</strong></span> <span class='ocrx_word' id='word_1_208' title='bbox 1050 2681 1328 2752; x_wconf 83' lang='lat' dir='ltr'><strong>illorum,</strong></span> <span class='ocrx_word' id='word_1_209' title='bbox 1374 2679 1517 2738; x_wconf 88' lang='lat' dir='ltr'><strong>scire</strong></span> <span class='ocrx_word' id='word_1_210' title='bbox 1557 2679 1861 2738; x_wconf 79' lang='lat' dir='ltr'><strong>necessum</strong></span> <span class='ocrx_word' id='word_1_211' title='bbox 1905 2680 2145 2739; x_wconf 87' lang='lat' dir='ltr'><strong>habeat.</strong></span> 
     </span>
     <span class='ocr_line' id='line_1_32' title="bbox 391 2761 2152 2835; baseline -0.002 -13"><span class='ocrx_word' id='word_1_212' title='bbox 391 2763 495 2822; x_wconf 87' lang='lat' dir='ltr'><strong>Ne</strong></span> <span class='ocrx_word' id='word_1_213' title='bbox 528 2763 599 2820; x_wconf 91' lang='lat' dir='ltr'><strong>de</strong></span> <span class='ocrx_word' id='word_1_214' title='bbox 635 2761 755 2822; x_wconf 88' lang='lat' dir='ltr'><strong>fine</strong></span> <span class='ocrx_word' id='word_1_215' title='bbox 802 2763 909 2820; x_wconf 91' lang='lat' dir='ltr'><strong>illo</strong></span> <span class='ocrx_word' id='word_1_216' title='bbox 953 2763 1253 2834; x_wconf 79' lang='lat' dir='ltr'><strong>maximO,</strong></span> <span class='ocrx_word' id='word_1_217' title='bbox 1291 2761 1350 2819; x_wconf 86' lang='lat' dir='ltr'><strong>in</strong></span> <span class='ocrx_word' id='word_1_218' title='bbox 1381 2779 1558 2835; x_wconf 90' lang='lat' dir='ltr'><strong>quem</strong></span> <span class='ocrx_word' id='word_1_219' title='bbox 1607 2762 1730 2819; x_wconf 76' lang='lat' dir='ltr'><strong>haec</strong></span> <span class='ocrx_word' id='word_1_220' title='bbox 1779 2762 1897 2819; x_wconf 88' lang='lat' dir='ltr'><strong>duo</strong></span> <span class='ocrx_word' id='word_1_221' title='bbox 1948 2772 2152 2818; x_wconf 81' lang='lat' dir='ltr'><strong>creata</strong></span> 
     </span>
     <span class='ocr_line' id='line_1_33' title="bbox 394 2841 2154 2918; baseline -0.002 -17"><span class='ocrx_word' id='word_1_222' title='bbox 394 2844 663 2902; x_wconf 84' lang='lat' dir='ltr'><strong>voluerit</strong></span> <span class='ocrx_word' id='word_1_223' title='bbox 708 2843 985 2903; x_wconf 88' lang='lat' dir='ltr'><strong>Summus</strong></span> <span class='ocrx_word' id='word_1_224' title='bbox 1027 2860 1224 2901; x_wconf 87' lang='lat' dir='ltr'><strong>rerum</strong></span> <span class='ocrx_word' id='word_1_225' title='bbox 1291 2841 1555 2917; x_wconf 80' lang='lat' dir='ltr'><strong>Opifex,</strong></span> <span class='ocrx_word' id='word_1_226' title='bbox 1601 2860 1816 2918; x_wconf 84' lang='lat' dir='ltr'><strong>nempe</strong></span> <span class='ocrx_word' id='word_1_227' title='bbox 1848 2853 1917 2900; x_wconf 88' lang='lat' dir='ltr'><strong>ut</strong></span> <span class='ocrx_word' id='word_1_228' title='bbox 1956 2841 2154 2900; x_wconf 86' lang='lat' dir='ltr'><strong>Natu·</strong></span> 
     </span>
     <span class='ocr_line' id='line_1_34' title="bbox 395 2920 2155 3000; baseline -0.003 -16"><span class='ocrx_word' id='word_1_229' title='bbox 395 2925 540 2984; x_wconf 84' lang='lat' dir='ltr'><strong>ralia</strong></span> <span class='ocrx_word' id='word_1_230' title='bbox 570 2924 627 2983; x_wconf 92' lang='lat' dir='ltr'><strong>in</strong></span> <span class='ocrx_word' id='word_1_231' title='bbox 668 2924 825 3000; x_wconf 88' lang='lat' dir='ltr'><strong>justo</strong></span> <span class='ocrx_word' id='word_1_232' title='bbox 857 2924 1017 2983; x_wconf 86' lang='lat' dir='ltr'><strong>inter</strong></span> <span class='ocrx_word' id='word_1_233' title='bbox 1070 2923 1126 2982; x_wconf 89' lang='lat' dir='ltr'><strong>se</strong></span> <span class='ocrx_word' id='word_1_234' title='bbox 1178 2923 1505 2998; x_wconf 86' lang='lat' dir='ltr'><strong>aequilibrio</strong></span> <span class='ocrx_word' id='word_1_235' title='bbox 1567 2923 1929 2995; x_wconf 78' lang='lat' dir='ltr'><strong>cohibeant,</strong></span> <span class='ocrx_word' id='word_1_236' title='bbox 1990 2920 2155 2996; x_wconf 86' lang='lat' dir='ltr'><strong>quid-</strong></span> 
     </span>
     <span class='ocr_line' id='line_1_35' title="bbox 402 3004 2156 3080; baseline -0.002 -17"><span class='ocrx_word' id='word_1_237' title='bbox 402 3024 571 3080; x_wconf 71' lang='lat' dir='ltr'><strong>quam</strong></span> <span class='ocrx_word' id='word_1_238' title='bbox 600 3005 809 3066; x_wconf 81' lang='lat' dir='ltr'><strong>dicam.</strong></span> <span class='ocrx_word' id='word_1_239' title='bbox 854 3004 1059 3064; x_wconf 85' lang='lat' dir='ltr'><strong>Ambo</strong></span> <span class='ocrx_word' id='word_1_240' title='bbox 1092 3005 1327 3063; x_wconf 76' lang='lat' dir='ltr'><strong>deinum</strong></span> <span class='ocrx_word' id='word_1_241' title='bbox 1359 3005 1864 3078; x_wconf 76' lang='lat' dir='ltr'><strong>metamorphosin</strong></span> <span class='ocrx_word' id='word_1_242' title='bbox 1899 3005 2156 3080; x_wconf 84' lang='lat' dir='ltr'><strong>plerum-</strong></span> 
     </span>
     <span class='ocr_line' id='line_1_36' title="bbox 407 3084 2158 3161; baseline -0.002 -18"><span class='ocrx_word' id='word_1_243' title='bbox 407 3105 522 3160; x_wconf 81' lang='lat' dir='ltr'><strong>que</strong></span> <span class='ocrx_word' id='word_1_244' title='bbox 553 3085 803 3145; x_wconf 86' lang='lat' dir='ltr'><strong>subeunt</strong></span> <span class='ocrx_word' id='word_1_245' title='bbox 834 3129 852 3157; x_wconf 88' lang='lat'><strong>,</strong></span> <span class='ocrx_word' id='word_1_246' title='bbox 915 3100 1021 3159; x_wconf 85' lang='lat' dir='ltr'><strong>ut,</strong></span> <span class='ocrx_word' id='word_1_247' title='bbox 1071 3085 1566 3161; x_wconf 81' lang='lat' dir='ltr'><strong>quemadmodum</strong></span> <span class='ocrx_word' id='word_1_248' title='bbox 1601 3104 1672 3142; x_wconf 76' lang='lat' dir='ltr'><strong>ex</strong></span> <span class='ocrx_word' id='word_1_249' title='bbox 1705 3086 1887 3142; x_wconf 83' lang='lat' dir='ltr'><strong>herba</strong></span> <span class='ocrx_word' id='word_1_250' title='bbox 1922 3084 1989 3142; x_wconf 87' lang='lat' dir='ltr'><strong>fit</strong></span> <span class='ocrx_word' id='word_1_251' title='bbox 2033 3084 2158 3141; x_wconf 87' lang='lat' dir='ltr'><strong>fru-</strong></span> 
     </span>
     <span class='ocr_line' id='line_1_37' title="bbox 401 3164 2154 3241; baseline 0 -15"><span class='ocrx_word' id='word_1_252' title='bbox 401 3164 724 3241; x_wconf 71' lang='lat' dir='ltr'><strong>ffificatio,</strong></span> <span class='ocrx_word' id='word_1_253' title='bbox 773 3168 858 3226; x_wconf 87' lang='lat' dir='ltr'><strong>ita</strong></span> <span class='ocrx_word' id='word_1_254' title='bbox 908 3167 1090 3227; x_wconf 83' lang='lat' dir='ltr'><strong>etiam</strong></span> <span class='ocrx_word' id='word_1_255' title='bbox 1141 3185 1214 3226; x_wconf 80' lang='lat' dir='ltr'><strong>ex</strong></span> <span class='ocrx_word' id='word_1_256' title='bbox 1254 3168 1417 3227; x_wconf 86' lang='lat' dir='ltr'><strong>larva</strong></span> <span class='ocrx_word' id='word_1_257' title='bbox 1459 3166 1739 3226; x_wconf 60' lang='lat' dir='ltr'><strong>infectum</strong></span> <span class='ocrx_word' id='word_1_258' title='bbox 1771 3165 2154 3226; x_wconf 83' lang='lat' dir='ltr'><strong>declaratum.</strong></span> 
     </span>
    </p>
   </div>
   <div class='ocr_carea' id='block_1_7' title="bbox 1989 3272 2159 3349">
    <p class='ocr_par' dir='ltr' id='par_1_7' title="bbox 1989 3272 2159 3349">
     <span class='ocr_line' id='line_1_38' title="bbox 1989 3272 2159 3349; baseline -0.006 -21"><span class='ocrx_word' id='word_1_259' title='bbox 1989 3272 2159 3349; x_wconf 23' lang='lat' dir='ltr'><strong>*Quae</strong></span> 
     </span>
    </p>
   </div>
  </div>
 </body>
</html>
